<record><leader>00000cas a22000007a 4500</leader><controlfield tag="001">17796159</controlfield><controlfield tag="008">880415d19521988maucr ne      0   a0eng d</controlfield><datafield ind1=" " ind2=" " tag="010"><subfield code="a">sn 88000821 </subfield></datafield><datafield ind1=" " ind2=" " tag="040"><subfield code="a">NSD</subfield><subfield code="b">eng</subfield><subfield code="c">NSD</subfield><subfield code="d">MGN</subfield><subfield code="d">OCLCQ</subfield></datafield><datafield ind1=" " ind2=" " tag="012"><subfield code="j">1</subfield><subfield code="m">d</subfield></datafield><datafield ind1="1" ind2=" " tag="022"><subfield code="a">0898-3216</subfield><subfield code="l">0898-3216</subfield><subfield code="2">1</subfield></datafield><datafield ind1=" " ind2=" " tag="037"><subfield code="b">Nashoba Publications, 69 Fitchburg Rd., Ayer, Mass. 01432</subfield></datafield><datafield ind1=" " ind2=" " tag="042"><subfield code="a">nsdp</subfield><subfield code="a">msc</subfield></datafield><datafield ind1="0" ind2=" " tag="130"><subfield code="a">Public spirit (Ayer, Mass. : 1952)</subfield></datafield><datafield ind1=" " ind2="4" tag="222"><subfield code="a">The public spirit</subfield><subfield code="b">(1952)</subfield></datafield><datafield ind1="1" ind2="4" tag="245"><subfield code="a">The public spirit.</subfield></datafield><datafield ind1=" " ind2=" " tag="260"><subfield code="a">Ayer, Mass. :</subfield><subfield code="b">Rachel Turner Bastian</subfield></datafield><datafield ind1=" " ind2=" " tag="300"><subfield code="a">v.</subfield></datafield><datafield ind1=" " ind2=" " tag="310"><subfield code="a">Semiweekly,</subfield><subfield code="b">Dec. 2, 1987-1988</subfield></datafield><datafield ind1=" " ind2=" " tag="321"><subfield code="a">Weekly,</subfield><subfield code="b">1952-Nov. 24, 1987</subfield></datafield><datafield ind1="0" ind2=" " tag="362"><subfield code="a">84th year, no. 1 (July 24, 1952)- ; -v. 120, no. 101 (Dec. 27, 1988).</subfield></datafield><datafield ind1=" " ind2=" " tag="752"><subfield code="a">United States</subfield><subfield code="b">Massachusetts</subfield><subfield code="c">Middlesex</subfield><subfield code="d">Ayer.</subfield></datafield><datafield ind1="0" ind2="0" tag="780"><subfield code="t">Turner's public spirit</subfield><subfield code="w">(DLC)sn 83020053</subfield></datafield><datafield ind1="0" ind2="7" tag="785"><subfield code="t">Times-free press (Pepperell, Mass.)</subfield><subfield code="x">0898-3224</subfield><subfield code="w">(DLC)sn 88000819</subfield></datafield><datafield ind1="0" ind2="7" tag="785"><subfield code="t">Public spirit, times free press</subfield><subfield code="x">1042-8674</subfield><subfield code="w">(DLC)sn 89007646</subfield></datafield></record>